@misc{kuhlmann2023,
  author = {Kuhlmann, Tobias},
  title = {Regenerative Finance and a Stable Asset backed by Nature},
  year = {2023},
  month = {July},
  day = {12},
  howpublished = {\url{https://mirror.xyz/mentoprotocol.eth/GNk_o3NgkRM18eploBxxEzwHMMJ4xAUcEbwYkA6FMyg}},
  note = {Accessed: March 26, 2024}
}
@misc{cLabs2019Stability,
  author = {{cLabs}},
  title = {An analysis of the stability characteristics of Celo},
  year = {2019},
  institution = {cLabs},
  howpublished = {\url{https://celo.org/papers/stability}},
  url = {https://celo.org/papers/stability},
}

@misc{mento_website,
  author = {Mento Community},
  title = {Mento Protocol Website},
  howpublished = {\url{https://mento.org}},
}

@misc{mento_app,
  author = {Mento Community},
  title = {Mento App},
  howpublished = {\url{https://app.mento.org}},
}

@misc{mento_reserve,
  author = {Mento Community},
  title = {Mento Reserve},
  howpublished = {\url{https://reserve.mento.org}},
}

@misc{mento_github,
  author = {Mento Community},
  title = {Mento Protocol on GitHub},
  howpublished = {\url{https://github.com/celo-org/mento}},
}

@misc{mento_oracle_github,
  author = {Mento Community},
  title = {Mento Oracle GitHub Repository},
  howpublished = {\url{https://github.com/celo-org/celo-oracle}},
}

@misc{mento_discord,
  author = {Mento Community},
  title = {Mento Discord Community},
  howpublished = {\url{https://discord.mento.org}},
}

@misc{mento_labs_website,
  author = {Mento Labs GmbH},
  title = {Mento Labs Website},
  howpublished = {\url{https://mentolabs.xyz}},
}

@misc{mento_labs_twitter,
  title = {Mento Labs on Twitter},
  howpublished = {\url{https://twitter.com/mentolabs}},
}

@misc{mento_labs_linkedin,
  title = {Mento Labs on LinkedIn},
  howpublished = {\url{https://www.linkedin.com/company/mentolabs}},
}

@misc{celo_governance_proposals,
  title = {Celo Governance Proposals by StakeID},
  howpublished = {\url{https://celo.stake.id}},
}

@misc{bis_fx_survey_2022,
  author = {{Bank for International Settlements}},
  title = {Triennial Central Bank Survey of Foreign Exchange and OTC Derivatives Markets 2022},
  year = {2022},
  howpublished = {\url{https://www.bis.org/statistics/rpfx22.htm}}
}

@misc{worldbank_remittance_2023,
  author = {{World Bank}},
  title = {Remittance Prices Worldwide Quarterly},
  year = {2023},
  howpublished = {\url{https://remittanceprices.worldbank.org}}
}

@misc{cgap_credit_gap_2019,
  author = {{CGAP}},
  title = {The $4.9 Trillion Small Business Credit Gap},
  year = {2019},
  howpublished = {\url{https://www.cgap.org/research/publication/usd-49-trillion-small-business-credit-gap}}
}

@misc{uniswap_whitepaper,
  author = {Adams, Hayden},
  title = {Uniswap: A Decentralized Exchange},
  year = {2018},
  howpublished = {\url{https://uniswap.org/whitepaper.pdf}}
}

@misc{bancor_v2,
  author = {{Bancor}},
  title = {Introducing Bancor V2},
  year = {2020},
  howpublished = {\url{https://blog.bancor.network/introducing-bancor-v2-efc225f64b66}}
}

@misc{dodo_pmm,
  author = {Zhang, Radar and Chen, Diane},
  title = {The DODO Proactive Market Maker (PMM)},
  year = {2020},
  howpublished = {\url{https://dodoex.github.io/docs/docs/developers/pmm}}
}

@misc{liquity_v2,
  author = {{Liquity Protocol}},
  title = {Liquity V2 Documentation},
  year = {2024},
  howpublished = {\url{https://docs.liquity.org/v2}}
}

@misc{curve_vemodel,
  author = {{Curve Finance}},
  title = {Understanding veCRV and the Vote-Escrow Model},
  year = {2020},
  howpublished = {\url{https://resources.curve.fi/guides/understanding-vecrv}}
}

@misc{chainlink_docs,
  author = {{Chainlink Labs}},
  title = {Chainlink Documentation},
  year = {2024},
  howpublished = {\url{https://docs.chain.link}}
}

@misc{redstone_docs,
  author = {{RedStone}},
  title = {RedStone Oracles Documentation},
  year = {2024},
  howpublished = {\url{https://docs.redstone.finance}}
}